@book{exampleCitation,
  title={UA Thesis Example},
  author={Random Author},
  year={2005},
  publisher={University of ABC}
}